@IEEEtranBSTCTL{bstctl:etal,
  CTLuse_forced_etal = {yes},
  CTLmax_names_forced_etal = {3},
}

@IEEEtranBSTCTL{bstctl:nodash,
  CTLdash_repeated_names = {no},
}

@IEEEtranBSTCTL{bstctl:simpurl,
  CTLname_url_prefix = {Available: },
}


@inproceedings{bitcoin,
  author = "Satoshi Nakamoto",
  title = "Bitcoin: A Peer-to-Peer Electronic Cash System.",
  year = "2008",
  booktitle = "Bitcoin"
}

@inproceedings{blockstack1,
  author = "Muneeb Ali, Ryan Shea, Jude Nelson and Michael J. Freedman",
  title = "Blockstack: A New Internet for Decentralized Applications",
  year = "2017",
  booktitle = "BlockstackTechnicalWhitepaper"
}

@inproceedings{blockstack2,
  author = "Muneeb Ali, Ryan Shea, Jude Nelson and Michael J. Freedman",
  title = "Blockstack: A Global Naming and Storage System Secured by Blockchains",
  year = "2016",
  booktitle = "BlockstackTechnicalWhitepaper"
}

@inproceedings{steem,
  author = "Steem",
  title = "Steem: An incentivized, blockchain-based, public content platform.",
  year = "2017",
  booktitle = "SteemWhitePaper"
}


